@Manual{prva,
       title        = {{Predavanja iz predmeta Zaštita i upravljanje EES-a}},
       author       = {{Izudin Džafić}},
       organization = {ETF UNSA},
       year         = {ak. god. 2019/20},

}

@Manual{druga,
       title        = {{Distantna zaštita sustava za razdiobu električne energije}},
       author       = {{Mihovil Ivas}},
       organization = {Fakultet elektrotehnike i računarstva, Zagreb},
       year         = {2003.},

}



@article{LSmetoda,
  title={Adaptive Phasor Estimation Algorithm Based on a Least Squares Method},
  author={Kim, Woo-Joong and Nam, Soon-Ryul and Kang, Sang-Hee},
  journal={Energies},
  volume={12},
  number={7},
  pages={1387},
  year={2019},
  publisher={Multidisciplinary Digital Publishing Institute}
}

@Manual{treca,
       title        = {{Lekcija 5 iz predmeta Identifikacija sistema}},
       author       = {{Bakir Lačević}},
       organization = {ETF UNSA},
       year         = {ak. god. 2018/19},

}

@Manual{cetvrta,
       title        = {{Teaching Distance Relay Using Matlab/Simulink Graphical User Interface }},
       author       = {{Muhd Hafizi Idrisa, Surya Hardia, Mohd Zamri Hasana}},
       organization = {Procedia Engineering},
       year         = {2013},
}
